% Examples from https://verbosus.com/bibtex-style-examples.html
@article{harris1954distributional,
  title={Distributional structure},
  author={Harris, Zellig S},
  journal={Word},
  volume={10},
  number={2-3},
  pages={146--162},
  year={1954},
  publisher={Taylor \& Francis}
}

@incollection{ricci2011introduction,
  title={Introduction to recommender systems handbook},
  author={Ricci, Francesco and Rokach, Lior and Shapira, Bracha},
  booktitle={Recommender systems handbook},
  pages={1--35},
  year={2011},
  publisher={Springer}
}

@Online{sizeEmbedding,
  title= {Deep Learning 2: Part 1 Lesson 4},
  url =          {https://medium.com/@hiromi_suenaga/deep-learning-2-part-1-lesson-4-2048a26d58aa},
  urldate =      {2021-06-14},
  hyphenation =     {english}
}

@article{rubenstein1965contextual,
  title={Contextual correlates of synonymy},
  author={Rubenstein, Herbert and Goodenough, John B},
  journal={Communications of the ACM},
  volume={8},
  number={10},
  pages={627--633},
  year={1965},
  publisher={ACM New York, NY, USA}
}

@article{mikolov2013efficient,
  title={Efficient estimation of word representations in vector space},
  author={Mikolov, Tomas and Chen, Kai and Corrado, Greg and Dean, Jeffrey},
  journal={arXiv preprint arXiv:1301.3781},
  year={2013}
}

@inproceedings{word2vec,
  title={Linguistic regularities in continuous space word representations},
  author={Mikolov, Tom{\'a}{\v{s}} and Yih, Wen-tau and Zweig, Geoffrey},
  booktitle={Proceedings of the 2013 conference of the north american chapter of the association for computational linguistics: Human language technologies},
  pages={746--751},
  year={2013}
}

@article{dist,
  title={Extracting semantic representations from word co-occurrence statistics: A computational study},
  author={Bullinaria, John A and Levy, Joseph P},
  journal={Behavior research methods},
  volume={39},
  number={3},
  pages={510--526},
  year={2007},
  publisher={Springer}
}

@Online{tfidf,
  title= {Векторная модель текста и TF-IDF},
  url =          {https://stepik.org/lesson/225311/step/5?unit=198054},
  urldate =      {2021-06-14},
  hyphenation =     {russian}
}

@article{likas2003global,
  title={The global k-means clustering algorithm},
  author={Likas, Aristidis and Vlassis, Nikos and Verbeek, Jakob J},
  journal={Pattern recognition},
  volume={36},
  number={2},
  pages={451--461},
  year={2003},
  publisher={Elsevier}
}

@Online{sil,
  title= {Оценка качества в задаче кластеризации},
  url =          {https://neerc.ifmo.ru/wiki/index.php?title=Оценка_качества_в_задаче_кластеризации},
  urldate =      {2021-06-14},
  hyphenation =     {russian}
}

@article{pca,
  title={LIII. On lines and planes of closest fit to systems of points in space},
  author={Pearson, Karl},
  journal={The London, Edinburgh, and Dublin Philosophical Magazine and Journal of Science},
  volume={2},
  number={11},
  pages={559--572},
  year={1901},
  publisher={Taylor \& Francis}
}

@article{svd,
  title={Машинные методы математических вычислений.},
  author={Форсайт, Дж and Малькольм, М and Моулер, К},
  year={1980},
  publisher={" МИР"}
}